<collection xmlns="http://www.loc.gov/MARC21/slim"><record><leader>01110nam  2200349   450</leader><controlfield tag="001">11</controlfield><controlfield tag="003">http://montalegre.opacnet.com/OPAC/default.aspx?ContentAreaControl=ShowRegHoldings.ascx&amp;RegNo=16662</controlfield><controlfield tag="005">20</controlfield><datafield tag="010" ind1=" " ind2=" "><subfield code="a">972-1-02750-2</subfield></datafield><datafield tag="010" ind1=" " ind2=" "><subfield code="a">972-0-2978-5</subfield></datafield><datafield tag="021" ind1=" " ind2=" "><subfield code="a">PT</subfield><subfield code="b">26955/89</subfield></datafield><datafield tag="021" ind1=" " ind2=" "><subfield code="a">PT</subfield><subfield code="b">33779/89</subfield></datafield><datafield tag="095" ind1=" " ind2=" "><subfield code="a">PTBN00179549</subfield></datafield><datafield tag="100" ind1=" " ind2=" "><subfield code="a">20061013g1989    m  y0pory010305  ba</subfield></datafield><datafield tag="101" ind1="1" ind2=" "><subfield code="a">por</subfield><subfield code="c">eng</subfield></datafield><datafield tag="102" ind1=" " ind2=" "><subfield code="a">PT</subfield></datafield><datafield tag="105" ind1=" " ind2=" "><subfield code="a">y   z   000ay</subfield></datafield><datafield tag="106" ind1=" " ind2=" "><subfield code="a">r</subfield></datafield><datafield tag="200" ind1="1" ind2=" "><subfield code="a">&lt;Os &gt;caçadores de mamutes</subfield><subfield code="f">Jean M. Auel</subfield><subfield code="g">trad. Sophie Penberthy Vinga</subfield></datafield><datafield tag="205" ind1=" " ind2=" "><subfield code="a">2a ed</subfield></datafield><datafield tag="210" ind1=" " ind2=" "><subfield code="a">Mem Martins</subfield><subfield code="c">Europa-América</subfield><subfield code="d">D.L. 1989</subfield></datafield><datafield tag="215" ind1=" " ind2=" "><subfield code="a">v</subfield><subfield code="c">1 map</subfield><subfield code="d">21 cm</subfield></datafield><datafield tag="225" ind1="2" ind2=" "><subfield code="a">Nébula</subfield><subfield code="v">21, 22)</subfield></datafield><datafield tag="304" ind1=" " ind2=" "><subfield code="a">Tít. orig. : The mammoth hunters</subfield></datafield><datafield tag="327" ind1="0" ind2=" "><subfield code="a">1º v. : 308 p</subfield><subfield code="a">2º v. : 339 p</subfield></datafield><datafield tag="675" ind1=" " ind2=" "><subfield code="a">82-311.9</subfield><subfield code="v">BN</subfield><subfield code="z">por</subfield></datafield><datafield tag="700" ind1=" " ind2="1"><subfield code="a">Auel</subfield><subfield code="b">Jean M</subfield><subfield code="f">1936</subfield></datafield><datafield tag="702" ind1=" " ind2="1"><subfield code="a">Vinga</subfield><subfield code="b">Sophie Penberthy</subfield><subfield code="4">730</subfield></datafield><datafield tag="801" ind1=" " ind2="0"><subfield code="a">PT</subfield><subfield code="b">Biblioteca Municipal de Montalegre</subfield><subfield code="g">RPC</subfield></datafield><datafield tag="856" ind1=" " ind2=" "><subfield code="u">locateMedia.asp?cod=20060504094048&amp;ext=jpg</subfield><subfield code="z">CAPA</subfield></datafield><datafield tag="856" ind1=" " ind2=" "><subfield code="u">locateMedia.asp?cod=20060504094141&amp;ext=jpg</subfield><subfield code="z">CAPA</subfield></datafield><datafield tag="909" ind1="&#9;" ind2=" "><subfield code="a">2</subfield></datafield><datafield tag="966" ind1=" " ind2=" "><subfield code="a">0010170</subfield><subfield code="l">BMM</subfield><subfield code="s">SCG 821 AUE caç 21</subfield></datafield><datafield tag="966" ind1=" " ind2=" "><subfield code="a">0010169</subfield><subfield code="l">BMM</subfield><subfield code="s">SCG 821 AUE caç 22</subfield></datafield></record></collection>